<?xml version='1.0' encoding='UTF-8'?>
<record xmlns="http://www.loc.gov/MARC21/slim">
  <leader>02952cam a2200505 a 4500</leader>
  <controlfield tag="001">480402</controlfield>
  <controlfield tag="003">NjP</controlfield>
  <controlfield tag="005">20170905102858.0</controlfield>
  <controlfield tag="008">881122m19879999ir h     b    000 0 ara d</controlfield>
  <datafield tag="024" ind1="7" ind2=" ">
    <subfield code="a">princeton_aco001663</subfield>
    <subfield code="2">local</subfield>
  </datafield>
  <datafield ind1=" " ind2=" " tag="035">
    <subfield code="a">(OCoLC)25345125</subfield>
  </datafield>
  <datafield ind1=" " ind2=" " tag="035">
    <subfield code="a">(OCoLC)ocn175577120</subfield>
  </datafield>
  <datafield ind1=" " ind2=" " tag="035">
    <subfield code="a">(OCoLC)175577120</subfield>
  </datafield>
  <datafield ind1=" " ind2=" " tag="035">
    <subfield code="a">(CStRLIN)NJPG88-B58544</subfield>
  </datafield>
  <datafield ind1=" " ind2=" " tag="035">
    <subfield code="9">ACF6093TS</subfield>
  </datafield>
  <datafield ind1=" " ind2=" " tag="035">
    <subfield code="a">(NjP)480402</subfield>
  </datafield>
  <datafield ind1=" " ind2=" " tag="035">
    <subfield code="a">480402</subfield>
  </datafield>
  <datafield ind1=" " ind2=" " tag="040">
    <subfield code="a">NjP</subfield>
    <subfield code="c">PUL</subfield>
    <subfield code="d">PUL</subfield>
  </datafield>
  <datafield ind1=" " ind2=" " tag="049">
    <subfield code="a">PULL</subfield>
  </datafield>
  <datafield ind1=" " ind2=" " tag="079">
    <subfield code="a">ocm25345125</subfield>
  </datafield>
  <datafield ind1="1" ind2=" " tag="100">
    <subfield code="6">880-01</subfield>
    <subfield code="a">Muḥaqqiq al-Thānī, ʻAlī ibn al-Ḥusayn,</subfield>
    <subfield code="d">1463 or 1464-1533 or 1534.</subfield>
    <subfield code="0">http://id.loc.gov/authorities/names/nr90002676</subfield>
  </datafield>
  <datafield ind1="1" ind2="0" tag="245">
    <subfield code="6">880-02</subfield>
    <subfield code="a">Jāmiʻ al-maqāṣid fī sharḥ al-Qawāʻid /</subfield>
    <subfield code="c">taʼlīf al-Muḥaqqiq al-Thānī ʻAlī ibn al-Ḥusayn al-Karakī ; taḥqīq Muʼassasat Āl al-Bayt li-Iḥyāʼ al-Turāth.</subfield>
  </datafield>
  <datafield ind1=" " ind2=" " tag="250">
    <subfield code="6">880-03</subfield>
    <subfield code="a">al-Ṭabʻah 1.</subfield>
  </datafield>
  <datafield ind1=" " ind2=" " tag="260">
    <subfield code="6">880-04</subfield>
    <subfield code="a">Qum al-Musharrafah :</subfield>
    <subfield code="b">al-Muʼassasah,</subfield>
    <subfield code="c">1408- [1987- ]</subfield>
  </datafield>
  <datafield ind1=" " ind2=" " tag="300">
    <subfield code="a">v. :</subfield>
    <subfield code="b">facsims. ;</subfield>
    <subfield code="c">25 cm.</subfield>
  </datafield>
  <datafield ind1="1" ind2=" " tag="490">
    <subfield code="6">880-05</subfield>
    <subfield code="a">Muʼassasat Āl al-Bayt li-Iḥyā al-Turāth ;</subfield>
    <subfield code="v">43-47, 54, 56</subfield>
  </datafield>
  <datafield ind1=" " ind2=" " tag="500">
    <subfield code="6">880-06</subfield>
    <subfield code="a">Vol. 14 has title: Fahāris Jāmiʻ al-maqāṣid fī sharḥ al-Qawāʻid.</subfield>
  </datafield>
  <datafield ind1=" " ind2=" " tag="504">
    <subfield code="a">Includes bibliographical references.</subfield>
  </datafield>
  <datafield ind1="1" ind2="0" tag="600">
    <subfield code="a">Ibn al-Muṭahhar al-Ḥillī , al-Ḥasan ibn Yūsuf,</subfield>
    <subfield code="d">1250-1325.</subfield>
    <subfield code="t">Qawāʻid al-aḥkām fī maʻrifat al-ḥalāl wa-al-ḥarām</subfield>
    <subfield code="x">Early works to 1800.</subfield>
  </datafield>
  <datafield ind1=" " ind2="0" tag="650">
    <subfield code="a">Islamic law</subfield>
    <subfield code="x">Interpretation and construction</subfield>
    <subfield code="x">Early works to 1800.</subfield>
    <subfield code="0">http://id.loc.gov/authorities/subjects/sh2008104962</subfield>
  </datafield>
  <datafield ind1="2" ind2=" " tag="710">
    <subfield code="6">880-07</subfield>
    <subfield code="a">Muʼassasat Āl al-Bayt li-Iḥyāʼ al-Turāth.</subfield>
    <subfield code="0">http://id.loc.gov/authorities/names/n85097993</subfield>
  </datafield>
  <datafield ind1=" " ind2="0" tag="830">
    <subfield code="6">880-08</subfield>
    <subfield code="a">Muʼassasat Āl al-Bayt li-Iḥyāʼ al-Turāth (Series) ;</subfield>
    <subfield code="v">43-47.</subfield>
  </datafield>
  <datafield ind1=" " ind2="0" tag="830">
    <subfield code="6">880-09</subfield>
    <subfield code="a">Muʼassasat Āl al-Bayt li-Iḥyāʼ al-Turāth (Series) ;</subfield>
    <subfield code="v">54.</subfield>
  </datafield>
  <datafield ind1="1" ind2=" " tag="880">
    <subfield code="6">100-01/r</subfield>
    <subfield code="a">محقق الثاني، علي بن الحسين،</subfield>
    <subfield code="d">1463 or 1464-1533 or 1534.</subfield>
  </datafield>
  <datafield ind1="1" ind2="0" tag="880">
    <subfield code="6">245-02/r</subfield>
    <subfield code="a">جامع المقاصد في شرح القواعد /</subfield>
    <subfield code="c">تأليف المحقق الثاني علي بن الحسين الكركي ؛ تحقيق مؤسسة آل البيت لاحياء التراث.</subfield>
  </datafield>
  <datafield ind1=" " ind2=" " tag="880">
    <subfield code="6">250-03/r</subfield>
    <subfield code="a">الطبعة 1.</subfield>
  </datafield>
  <datafield ind1=" " ind2=" " tag="880">
    <subfield code="6">260-04/r</subfield>
    <subfield code="a">قم المشرفة :</subfield>
    <subfield code="b">المؤسسة،</subfield>
    <subfield code="c">1408- [1987- ]</subfield>
  </datafield>
  <datafield ind1="1" ind2=" " tag="880">
    <subfield code="6">490-05/r</subfield>
    <subfield code="a">مؤسسة آل البيت لاحيا التراث ؛</subfield>
    <subfield code="v">43-47، 54، 56</subfield>
  </datafield>
  <datafield ind1=" " ind2=" " tag="880">
    <subfield code="6">500-06/r</subfield>
    <subfield code="a">Vol. 14 has title: فهارس جامع المقاصد في شرح القواعد.</subfield>
  </datafield>
  <datafield ind1="2" ind2=" " tag="880">
    <subfield code="6">710-07/r</subfield>
    <subfield code="a">مؤسسة آل البيت لاحياء التراث.</subfield>
  </datafield>
  <datafield ind1=" " ind2="0" tag="880">
    <subfield code="6">830-08/r</subfield>
    <subfield code="a">مؤسسة آل البيت لاحياء التراث (السلسلة) ؛</subfield>
    <subfield code="v">43-47.</subfield>
  </datafield>
  <datafield ind1=" " ind2="0" tag="880">
    <subfield code="6">830-09/r</subfield>
    <subfield code="a">مؤسسة آل البيت لاحياء التراث (السلسلة) ؛</subfield>
    <subfield code="v">54.</subfield>
  </datafield>
  <datafield ind1=" " ind2=" " tag="998">
    <subfield code="a">11/16/93</subfield>
    <subfield code="s">9118</subfield>
    <subfield code="n">NjP</subfield>
    <subfield code="w">NJPG88B58544</subfield>
    <subfield code="d">11/22/88</subfield>
    <subfield code="c">KE</subfield>
    <subfield code="b">AUT</subfield>
    <subfield code="i">931116</subfield>
    <subfield code="l">NJPG</subfield>
  </datafield>
  <datafield ind1=" " ind2=" " tag="911">
    <subfield code="a">19931129</subfield>
  </datafield>
  <datafield ind1=" " ind2=" " tag="912">
    <subfield code="a">19980729062225.0</subfield>
  </datafield>
  <datafield ind1=" " ind2=" " tag="994">
    <subfield code="a">C0</subfield>
    <subfield code="b">PUL</subfield>
  </datafield>
  <datafield ind1=" " ind2=" " tag="999">
    <subfield code="a">480402</subfield>
  </datafield>
  <datafield ind1="0" ind2="1" tag="852">
    <subfield code="0">521982</subfield>
    <subfield code="b">nec</subfield>
    <subfield code="t">1</subfield>
    <subfield code="h">KBP370.I263</subfield>
    <subfield code="i">M843 1987</subfield>
  </datafield>
  <datafield ind1=" " ind2="0" tag="866">
    <subfield code="0">521982</subfield>
    <subfield code="8">0</subfield>
    <subfield code="a">juzʾ 1-14 (published in 1987)</subfield>
  </datafield>
  <datafield ind1=" " ind2="0" tag="866">
    <subfield code="0">521982</subfield>
    <subfield code="8">0</subfield>
    <subfield code="x">DESIGNATOR: al-Juzʾ</subfield>
  </datafield>
  <datafield ind1=" " ind2=" " tag="959">
    <subfield code="a">2000-06-13 00:00:00 -0500</subfield>
  </datafield>
</record>
